<record><leader>00000cas a22000007a 4500</leader><controlfield tag="001">16737544</controlfield><controlfield tag="008">870923d19421949iauwr ne      0    0eng d</controlfield><datafield ind1=" " ind2=" " tag="010"><subfield code="a">sn 87057912 </subfield></datafield><datafield ind1=" " ind2=" " tag="040"><subfield code="a">INP</subfield><subfield code="b">eng</subfield><subfield code="c">INP</subfield><subfield code="d">OCLCQ</subfield></datafield><datafield ind1=" " ind2=" " tag="042"><subfield code="a">msc</subfield></datafield><datafield ind1="0" ind2="4" tag="245"><subfield code="a">The Hustler and the Mondamin enterprise.</subfield></datafield><datafield ind1="1" ind2="7" tag="246"><subfield code="a">Hustler</subfield></datafield><datafield ind1=" " ind2=" " tag="260"><subfield code="a">Little Sioux, Iowa :</subfield><subfield code="b">H.W. Kerr,</subfield><subfield code="c">1942-</subfield></datafield><datafield ind1=" " ind2=" " tag="300"><subfield code="a">v.</subfield></datafield><datafield ind1=" " ind2=" " tag="310"><subfield code="a">Weekly</subfield></datafield><datafield ind1="0" ind2=" " tag="362"><subfield code="a">Vol. 43, no. 51 (Oct. 1, 1942)-</subfield></datafield><datafield ind1="1" ind2=" " tag="362"><subfield code="a">Ceased in 1949?</subfield></datafield><datafield ind1=" " ind2=" " tag="500"><subfield code="a">Includes section called: The hustler, Pisgah news-Soldier Valley, 1942-&lt;Jan. 10, 1946&gt;.</subfield></datafield><datafield ind1=" " ind2=" " tag="515"><subfield code="a">Issues for Oct. 1 and Oct. 8, 1942, both numbered vol. 43, no. 51; issues for Oct. 15 and Oct. 22, 1942, both numbered vol. 44, no. 1; issues for Oct. 29, 1942- lack numbering.</subfield></datafield><datafield ind1=" " ind2=" " tag="752"><subfield code="a">United States</subfield><subfield code="b">Iowa</subfield><subfield code="c">Harrison</subfield><subfield code="d">Little Sioux.</subfield></datafield><datafield ind1=" " ind2=" " tag="752"><subfield code="a">United States</subfield><subfield code="b">Iowa</subfield><subfield code="c">Harrison</subfield><subfield code="d">Pisgah.</subfield></datafield><datafield ind1="0" ind2="4" tag="780"><subfield code="t">Hustler (Little Sioux, Iowa)</subfield><subfield code="w">(DLC)sn 87057911</subfield></datafield><datafield ind1="0" ind2="4" tag="780"><subfield code="t">Mondamin enterprise</subfield></datafield><datafield ind1="1" ind2=" " tag="787"><subfield code="t">Hustler, Pisgah news-Soldier Valley</subfield></datafield></record>